%{
Created by Shehab Hesham.
%}

@online{fpgaipvgarepo,
	title = {FPGA IP VGA Repository},
	author = {Shehab-Hesham},
	year = {Year},
	url = {https://github.com/Shehab-Hesham/FPGA_IP_VGA},
}
%@misc{fpgaipvgarepo,
%	title = {FPGA IP VGA Repository},
%	author = {Shehab-Hesham},
%	howpublished = {https://github.com/Shehab-Hesham/FPGA_IP_VGA},
%	note = {Accessed: January 10, 2024}
%}
%\nocite{fpgaipvgarepo}

@misc{marsrover, title={Search for life on Mars accelerates as new bodies of water found below ...}, url={https://nationalpost.com/news/world/search-for-life-on-mars-accelerates-as-new-bodies-of-water-found-below-planets-surface}, journal={Search for life on Mars accelerates as new bodies of water found below planet’s surface}, author={Staff, National Post}, year={2020}, month={Sep}} 

@misc{SquareheadTechnology, url={https://www.sqhead.com/drone-detection}, journal={Squarehead Technology}} 

@misc{jwbdarker, title={Webb Images/Science 2022}, url={https://www.flickr.com/photos/nasawebbtelescope/albums/72177720301006030}, journal={Flickr}, publisher={Yahoo!}, author={Telescope, NASA’s James Webb Space}, year={2022}} 

@misc{jwbbrighter, title={NASA’s Webb catches Fiery Hourglass as new star forms}, url={https://www.flickr.com/photos/nasawebbtelescope/52504158265/in/album-72177720301006030}, journal={Flickr}, publisher={Yahoo!}, author={Telescope, NASA’s James Webb Space}, year={2024}, month={Jan}} 

@misc{one,
	author = {Zhang, Yunxiang and Yang, Xiaokun and Wu, Rd and Andrian, Jean},
	month = {07},
	publisher = {IEEE},
	title = {A Case Study On Approximate FPGA Design With an Open-Source Image Processing Platform},
	year = {2017}
}

@misc{two,
	author = {Alzubi, Jafar and Joseph, Saira and Jacob, Sunil and Menon, Varun},
	title = {A Top-up Design for PAL to VGA Conversion in Real Time Video Processing System},
	year = {2018}
}

@article{three,
	author = {Draper, B.A. and Beveridge, J.R. and Bohm, A.P.W. and Ross, C. and Chawathe, M.},
	month = {12},
	pages = {1543-1551},
	title = {Accelerated image processing on FPGAs},
	doi = {10.1109/tip.2003.819226},
	volume = {12},
	year = {2003},
	journal = {IEEE Transactions on Image Processing}
}

@misc{four,
	author = {Chiuchisan, Iuliana},
	title = {An Approach to the Verilog-based System for Medical Image Enhancement},
	year = {2015}
}

@article{five,
	author = {Jain, Deepak Kumar and Jacob, Sunil and Alzubi, Jafar and Menon, Varun},
	month = {06},
	pages = {2113-2125},
	title = {An efficient and adaptable multimedia system for converting PAL to VGA in real-time video processing},
	doi = {10.1007/s11554-019-00889-4},
	volume = {17},
	year = {2019},
	journal = {Journal of Real-Time Image Processing}
}

@misc{six,
	author = {Bailey, D. G.},
	title = {DESIGN FOR EMBEDDED IMAGE PROCESSING ON FPGAS},
	year = {2011}
}

@article{seven,
	author = {Balasubramanian, Padmanabhan and Nayar, Raunaq and Maskell, Douglas L.},
	month = {09},
	pages = {3095},
	title = {Digital Image Blending Using Inaccurate Addition},
	doi = {10.3390/electronics11193095},
	volume = {11},
	year = {2022},
	journal = {Electronics}
}

@misc{eight,
	author = {Mittal, Sparsh and Gupta, Saket and Dasgupta, S},
	title = {FPGA: An Efficient And Promising Platform For Real-Time Image Processing Applications},
	year = {2008}
}

@misc{nine,
	author = {Kumar Birla, Manish},
	title = {204 FPGA Based Reconfigurable Platform for Complex Image Processing},
	year = {2006}
}

@article{ten,
	author = {Uzun, I.S. and Amira, A. and Bouridane, A.},
	pages = {283},
	title = {FPGA implementations of fast Fourier transforms for real-time signal and image processing},
	doi = {10.1049/ip-vis:20041114},
	volume = {152},
	year = {2005},
	journal = {IEE Proceedings - Vision, Image, and Signal Processing}
}

@misc{eleven,
	author = {Petri, Jona and Zink, Julia and Klinkner, Sabine},
	title = {Hardware accelerated onboard image processing for space-based meteor observation: Concept and Implementation of SpaceMEDAL},
	year = {2022}
}

@misc{twelve,
	author = {Andini, Dianthika and Sugiarta, Gunawan and Isdaryani, Feni and Hafidh, Fadhel},
	month = {11},
	title = {Image Processing Implementation on the Field Programmable Gate Array},
	year = {2021}
}

@misc{thirteen,
	author = {FPGA4STUDENTS},
	month = {11},
	title = {Image processing on FPGA using Verilog HDL},
	urldate = {2023-10-09},
	year = {2016}
}

@misc{fourteen,
	author = {Elanchezhiyan, S and Mehanathan, S and Iii Year Ece, B},
	title = {IMAGE PROCESSING USING FPGA},
	year = {2013}
}

@article{fifteen,
	author = {Chaithra, N. M. and Ramana Reddy, K.V.},
	month = {08},
	title = {Implementation of Canny Edge Detection  Algorithm on FPGA and displaying Image through  VGA Interface},
	volume = {2},
	year = {2013},
	journal = {International Journal of Engineering and Advanced Technology (IJEAT)}
}

@misc{sixteen,
	author = {Dash, P. K and Pujari, Shashank and Nayak, Sofia},
	month = {02},
	title = {Implementation of edge detection using FPGA  model based approach},
	doi = {10.1109/icices.2014.7033990},
	volume = {2},
	year = {2014},
	journal = {International Conference on Information Communication and Embedded Systems (ICICES2014)}
}

@misc{seventeen,
	author = {Nelson, Anthony},
	title = {IMPLEMENTATION OF IMAGE PROCESSING ALGORITHMS ON FPGA HARDWARE},
	year = {2000}
}

@misc{eighteen,
	author = {Tech, Vanishree and Ramana, K and Asst, Reddy and Professor},
	title = {Implementation of Pipelined Sobel Edge Detection Algorithm on FPGA for High Speed Applications},
	year = {2013}
}

@misc{nineteen,
	author = {Rao, M. V. G. and Kumar, P. R. and Prasad, A. M.},
	title = {Implementation of Real Time Image Processing System with FPGA and DSP},
	year = {2016}
}

@misc{twenty,
	author = {Jingcheng, Sun and Zhengyan, Wang and Zenggang, Li},
	title = {Implementation of Sobel Edge Detection algorithm and VGA display based on FPGA},
	year = {2019}
}

@article{twenty_one,
	author = {Stewart, R. and Duncan, K. and Michaelson, G. and Garcia, P. and Bhowmik, D. and Wallace, A. M.},
	title = {RIPL: A Parallel Image Processing Language for FPGAs},
	doi = {10.1145/3180481},
	volume = {22},
	year = {2018},
	journal = {ACM Trans. Reconfig. Technol. Syst}
}

@misc{twenty_two,
	author = {Dhote Shivank and Charjan Pranav and Phansekar Aditya and Hegde Aniket and Joshi Sangeeta and Joshi Jonathan},
	title = {Using FPGA-SoC Interface for Low Cost IoT Based Image Processing},
	year = {2016}
}

@misc{twenty_three,
	author = {Upadhyay Rishabh and Student Rishabh},
	title = {VGA Monitor Interfacing VGA Monitor Interfacing},
	year = {2022}
}

@article{twenty_four,
	author = {Gural, Peter},
	title = {Algorithms and Software for Meteor Detection},
	doi = {10.1007/s11038-007-9161-7},
	volume = {1},
	year = {2007},
	journal = {Earth, Moon, and Planets}
}

@article{twenty_five,
	author = {Tabassum Azra},
	title = {Implementation of Canny Edge Detection Algorithm on FPGA and displaying Image through VGA Interface},
	volume = {2},
	year = {2017},
	journal = {International Journal Of Advance Research And Innovative Ideas In Education}
}

@article{twenty_six,
	author = {Garcés-Socarrás, Luis and Cabrera-Sarmiento, Alejandro and Sánchez-Solano, Santiago and Jiménez, Piedad and Ieno, Egidio and Pimenta, Tales},
	pages = {742-750},
	title = {Self-Modifiable Image Processing Library for Model-Based Design on FPGAs},
	doi = {10.1109/TLA.2019.8891942},
	volume = {17},
	year = {2019},
	journal = {IEEE Latin America Transactions}
}

@misc{fignine, title={Driver}, url={https://vanhunteradams.com/DE1/VGA_Driver/Driver.html}, journal={vanhunteradams.com}, author={Adams, Hunter} }

@misc{figeight, title={VGA Video (6.111 labkit)}, url={https://web.mit.edu/6.111/www/s2004/NEWKIT/vga.shtml#:~:text=VGA%20is%20a%20high%2Dresolution}, journal={web.mit.edu}, author={Ickes, Nathan}, year={2004}, month={Apr} }

@misc{figseven, title={Static random-access memory}, url={https://en.wikipedia.org/wiki/Static_random-access_memory}, journal={Wikipedia}, author={Kytkentä, Kuvassa}, year={2009}, month={Jan} }

@misc{figsix, title={Flip Flop as Frequency Divider Precision}, url={https://electronics.stackexchange.com/questions/666251/flip-flop-as-frequency-divider-precision}, journal={Electrical Engineering Stack Exchange}, author={Steve, Sh.}, year={2023}, month={May} }

@misc{figfive, title={File:Sinsinawa 640 480.jpg - Wikipedia}, url={https://en.m.wikipedia.org/wiki/File:Sinsinawa_640_480.jpg}, journal={commons.wikimedia.org}, author={Irrittis, Rattis}, year={2009}, month={Jun} }

@online{figfour,
	title = {DE10 Lite User Manual},
	url = {https://ftp.intel.com/Public/Pub/fpgaup/pub/Intel_Material/Boards/DE10-Lite/DE10_Lite_User_Manual.pdf},
	organization = {Intel},
	year = {2016},
	month = {Sep}
}

@misc{figthree,
	title = {VGA pinout, features, Advantages; Disadvantages},
	url = {https://www.etechnophiles.com/vga-pinout-features/},
	journal = {eTechnophiles},
	author = {Godiyal, Kanishk},
	year = {2023},
	month = {Mar}
}

@misc{figtwo,
	title = {Lattice blog},
	url = {https://www.latticesemi.com/Blog/2021/09/23/03/23/Key_Advantages_of-Choosing_FPGAs_Over_MCUs},
	journal = {Key Advantages of Choosing FPGAs Over MCUs},
	author = {Semiconductors, Lattice}
}

@misc{figone,
	title = {Introduction to FPGA: Structure, components, application},
	url = {https://www.electronicshub.org/introduction-to-fpga/},
	journal = {ElectronicsHub},
	author = {Administrator},
	year = {2023},
	month = {Mar}
}

@misc{
	MRI, title={MRI scan - How it’s Performed}, url={https://www.nhs.uk/conditions/mri-scan/what-happens/}, journal={NHS choices}, publisher={NHS}, author={Crown}
} 

@misc{
	DEXA, title={Dexa (DXA) scan: Purpose, procedure, results, and more}, url={https://www.medicalnewstoday.com/articles/324553}, journal={Medical News Today}, publisher={MediLexicon International}, author={Today, Medical}
} 

@misc{
	CT, title={CT Scan (CAT scan): Procedure, risks, and results}, url={https://www.healthline.com/health/ct-scan}, journal={Healthline}, publisher={Healthline Media}, author={Zimlich, Rachael}, year={2023}, month={Mar}
} 
